% This file was created with JabRef 2.9.2.
% Encoding: Cp1252

@MANUAL{SAS,
  title = {\proglang{SAS/STAT} Software, Version~9.1},
  author = {{\proglang{SAS} Institute Inc.}},
  address = {Cary, NC},
  year = {2003},
  owner = {Anestis},
  timestamp = {2013.06.21},
  url = {http://www.sas.com/}
}

@ARTICLE{Ait-Sidi-Allal2004,
  author = {A{\=\i}t-Sidi-Allal, ML and Baccini, A. and Mondot, AM},
  title = {{A new algorithm for estimating the parameters and their asymptotic
	covariance in correlation and association models}},
  journal = {Computational Statistics \& Data Analysis},
  year = {2004},
  volume = {45},
  pages = {389--421},
  number = {3},
  owner = {Anestis},
  timestamp = {2009.11.08}
}

@BOOK{Agresti2002,
  title = {Categorical Data Analysis},
  publisher = {John Wiley \& Sons},
  year = {2013},
  author = {A. Agresti},
  edition = {3rd},
  owner = {Anestis},
  timestamp = {2009.02.06}
}

@ARTICLE{Agresti1989,
  author = {Agresti,A.},
  title = {A survey of models for repeated ordered categorical response data},
  journal = {Statistics in Medicine},
  year = {1989},
  volume = {8},
  pages = {1209--1224},
  owner = {Anestis},
  timestamp = {2012.04.06}
}

@ARTICLE{Agresti1988,
  author = {A. Agresti},
  title = {A Model for Agreement between Ratings on an Ordinal Scale},
  journal = {Biometrics},
  year = {1988},
  volume = {44},
  pages = {539--548},
  owner = {Anestis},
  timestamp = {2009.02.06}
}

@ARTICLE{Agresti1983,
  author = {Agresti, A.},
  title = {Computing conditional maximum likelihood estimates for generalized
	{R}asch models using simple loglinear models with diagonals parameter},
  journal = {Scandinavian Journal of Statistics},
  year = {1983},
  volume = {20},
  pages = {63--71},
  owner = {Anestis},
  timestamp = {2011.06.01}
}

@ARTICLE{Agresti1998,
  author = {Agresti, A. and Coull, B.A.},
  title = {{Approximate Is Better Than "Exact" for Interval Estimation of Binomial
	Proportions}},
  journal = {The {A}merican {S}tatistician},
  year = {1998},
  volume = {52},
  pages = {119-126},
  owner = {Anestis},
  timestamp = {2011.03.03}
}

@ARTICLE{AitchisonJ.andBennettJA1970,
  author = {Aitchison, J. and Bennett, JA},
  title = {Polychotomous quantal response by maximum indicant},
  journal = {Biometrika},
  year = {1970},
  volume = {57},
  pages = {253--262},
  owner = {Anestis},
  timestamp = {2011.02.23}
}

@ARTICLE{Allen2010,
  author = {Allen, G.I. and Tibshirani, R.},
  title = {Transposable regularized covariance models with an application to
	missing data imputation},
  journal = {The Annals of Applied Statistics},
  year = {2010},
  volume = {4},
  pages = {764--790},
  owner = {local_admin},
  timestamp = {2011.11.21}
}

@ARTICLE{Anderson2000,
  author = {C.J. Anderson and J.K. Vermunt},
  title = {{Log-multiplicative association models as latent variable models
	for nominal and/or ordinal data}},
  journal = {Sociological Methodology},
  year = {2000},
  volume = {30},
  pages = {81-121},
  owner = {Anestis},
  timestamp = {2009.11.08}
}

@BOOK{BalakrishnanN.1992,
  title = {{Handbook of the logistic distribution}},
  publisher = {{CRC}},
  year = {1992},
  author = {{Balakrishnan, N.}},
  owner = {Anestis},
  timestamp = {2010.08.04}
}

@ARTICLE{Becker1989,
  author = {M.P Becker},
  title = {Models for the analysis of Association in Multivariate Contingency
	Tables},
  journal = {Journal of the American Statistical Association},
  year = {1989},
  volume = {84},
  pages = {1014-1019},
  owner = {Anestis},
  timestamp = {2009.02.27}
}

@ARTICLE{Becker1989b,
  author = {Becker, M.P.},
  title = {On the bivariate normal distribution and association models for ordinal
	categorical data},
  journal = {Statistics \& Probability Letters},
  year = {1989},
  volume = {8},
  pages = {435--440},
  owner = {Anestis},
  timestamp = {2009.10.08}
}

@ARTICLE{Becker1989a,
  author = {Becker, M.P. and Clogg, C.C.},
  title = {Analysis of Sets of Two-Way Contingency Tables Using Association
	Models},
  journal = {Journal of the American Statistical Association},
  year = {1989},
  volume = {84},
  pages = {142--151},
  owner = {Anestis},
  timestamp = {2009.02.27}
}

@ARTICLE{Bergsma2002,
  author = {Bergsma, W.P. and Rudas, T.},
  title = {Marginal models for categorical data},
  journal = {The Annals of Statistics},
  year = {2002},
  volume = {30},
  pages = {140--159},
  owner = {Anestis},
  timestamp = {2009.10.28}
}

@ARTICLE{Birch1963,
  author = {Birch, M.W.},
  title = {Maximum likelihood in three-way contingency tables},
  journal = {Journal of the Royal Statistical Society B},
  year = {1963},
  volume = {25},
  pages = {220--233},
  owner = {Anestis},
  timestamp = {2011.06.02}
}

@ARTICLE{Biswas2004,
  author = {Biswas, A.},
  title = {Generating correlated ordinal categorical random samples},
  journal = {Statistics \& probability letters},
  year = {2004},
  volume = {70},
  pages = {25--35},
  owner = {Anestis},
  timestamp = {2010.08.09}
}

@ARTICLE{Bock1970,
  author = {Bock, R.D.},
  title = {Estimating item parameters and latent ability when responses are
	scored in two or more nominal categories},
  journal = {Psychometrika},
  year = {1972},
  volume = {37},
  pages = {49--51},
  owner = {Anestis},
  timestamp = {2012.04.26}
}

@MANUAL{Carey2012,
  title = {gee: Generalized Estimation Equation solver},
  author = {V.J. Carey},
  year = {2012},
  note = {R package version 4.13-18},
  owner = {local_admin},
  timestamp = {2013.03.25},
  url = {https://CRAN.R-project.org/package=gee}
}

@ARTICLE{Carey1993,
  author = {Carey, V. C. and Zeger, S.L. and Diggle, P.J.},
  title = {Modeling multivariate binary data with alternating logistic regressions},
  journal = {Biometrika},
  year = {1993},
  volume = {80},
  pages = {517-526},
  owner = {Anestis},
  timestamp = {2009.03.16}
}

@TECHREPORT{CarioM.C.andNelsonB.L.1997,
  author = {Cario, M.C. and Nelson, B.L.},
  title = {Modeling and generating random vectors with arbitrary marginal distributions
	and correlation matrix},
  institution = {Northwestern University, IEMS Technical Report},
  year = {1997},
  owner = {Anestis},
  timestamp = {2011.05.21}
}

@ARTICLE{Caussinus1966,
  author = {Caussinus, H.},
  title = {Contribution a l'analyse statistique des tableaux de correlation},
  journal = {Annales de la facult? des sciences de Toulouse},
  year = {1965},
  volume = {29},
  pages = {77?-182},
  owner = {Anestis},
  timestamp = {2009.02.05}
}

@ARTICLE{Chaganty1997,
  author = {N.R. Chaganty},
  title = {An Alternative Approach to the Analysis of Longidutinal Data via
	Generalized Estimating Equations},
  journal = {Journal of Statistical Planning and Inference},
  year = {1997},
  volume = {63},
  pages = {39-54},
  owner = {Anestis},
  timestamp = {2009.01.28}
}

@ARTICLE{Chaganty2006,
  author = {Chaganty, N.R. and Joe, H.},
  title = {Range of correlation matrices for dependent Bernoulli random variables},
  journal = {Biometrika},
  year = {2006},
  volume = {93},
  pages = {197--206},
  owner = {Anestis},
  timestamp = {2009.10.28}
}

@ARTICLE{Chaganty2004,
  author = {Chaganty, N.R. and Joe, H.},
  title = {Efficiency of generalized estimating equations for binary responses},
  journal = {Journal of the Royal Statistical Society B},
  year = {2004},
  volume = {66},
  pages = {851--860},
  owner = {Anestis},
  timestamp = {2009.10.25}
}

@ARTICLE{Chaganty1999,
  author = {N.R. Chaganty and J. Shults},
  title = {On eliminating the asymptotic bias in the quasi-least squares estimate
	of the correlation parameter},
  journal = {Journal of Statistical Planning and Inference},
  year = {1999},
  volume = {76},
  pages = {145-161},
  owner = {Anestis},
  timestamp = {2009.01.29}
}

@ARTICLE{Choi2008,
  author = {Choi, H.J.},
  title = {A Simple Method for Constructing Multidimensional Distributions of
	Correlated Categorical Data},
  journal = {Communications in Statistics-Simulation and Computation},
  year = {2008},
  volume = {37},
  pages = {1337--1384},
  owner = {Anestis},
  timestamp = {2010.08.03}
}

@BOOK{Christensen1997,
  title = {Log-linear models and logistic regression},
  publisher = {Springer Verlag},
  year = {1997},
  author = {Christensen, R.},
  owner = {Anestis},
  timestamp = {2009.11.08}
}

@ARTICLE{Crowder1995,
  author = {Crowder, M.},
  title = {On the use of a working correlation matrix in using generalized linear
	models for repeated measures},
  journal = {Biometrika},
  year = {1995},
  volume = {82},
  pages = {407--410},
  owner = {Anestis},
  timestamp = {2009.01.28}
}

@ARTICLE{Csiszar1975,
  author = {Csisz{\'a}r, I.},
  title = {{I-divergence geometry of probability distributions and minimization
	problems}},
  journal = {The Annals of Probability},
  year = {1975},
  volume = {3},
  pages = {146--158},
  owner = {Anestis},
  timestamp = {2009.11.08}
}

@ARTICLE{Dale1984,
  author = {Dale, J.R.},
  title = {Local Versus Global Association for Bivariate Ordered Responses},
  journal = {Biometrika},
  year = {1984},
  volume = {71},
  pages = {507--514},
  owner = {Anestis},
  timestamp = {2009.01.28}
}

@BOOK{DeLeeuw2008,
  title = {Handbook of multilevel analysis},
  publisher = {Springer Verlag},
  year = {2008},
  author = {De Leeuw, J. and Meijer, E.},
  owner = {Anestis},
  timestamp = {2011.03.21}
}

@ARTICLE{Deming1940,
  author = {Deming, W.E. and Stephan, F.F.},
  title = {On a Least Squares Adjustment of a Sampled Frequency Table When the
	Expected Marginal Totals Are Known},
  journal = {The Annals of Mathematical Statistics},
  year = {1940},
  volume = {11},
  pages = {427--444},
  owner = {Anestis},
  timestamp = {2009.03.01}
}

@ARTICLE{Dobra2000,
  author = {Dobra, A. and Fienberg, S.E.},
  title = {Bounds for cell entries in contingency tables given marginal totals
	and decomposable graphs},
  journal = {Proceedings of the National Academy of Sciences of the United States
	of America},
  year = {2000},
  volume = {22},
  pages = {11885--11892},
  owner = {Anestis},
  timestamp = {2011.06.03}
}

@BOOK{FahrmeirL.andTutzG.2001,
  title = {Multivariate statistical modelling based on generalized linear models},
  publisher = {Springer},
  year = {2001},
  author = {Fahrmeir, L. and Tutz, G.},
  edition = {2nd},
  owner = {Anestis},
  timestamp = {2010.09.07}
}

@ARTICLE{Fienberg1970,
  author = {Fienberg, S.E.},
  title = {An iterative procedure for estimation in contingency tables},
  journal = {The Annals of Mathematical Statistics},
  year = {1970},
  volume = {41},
  pages = {907--917},
  number = {3},
  owner = {Anestis},
  timestamp = {2009.03.01}
}

@BOOK{Lipsitz2008,
  title = {Longitudinal data analysis},
  publisher = {Chapman \& Hall/CRC},
  year = {2009},
  author = {Fitzmaurice, G.M.},
  owner = {Anestis},
  timestamp = {2011.05.21}
}

@BOOK{Fitzmaurice2008,
  title = {Longitudinal Data Analysis: A Handbook of Modern Statistical Methods},
  publisher = {Chapman \& Hall/CRC},
  year = {2008},
  author = {Fitzmaurice, G.M.},
  owner = {Anestis},
  timestamp = {2009.10.05}
}

@ARTICLE{Fitzmaurice1995,
  author = {Fitzmaurice, G.M.},
  title = {A Caveat Concerning Independence Estimating Equations},
  journal = {Biometrics},
  year = {1995},
  volume = {51},
  pages = {309--317},
  number = {1},
  owner = {Anestis},
  timestamp = {2009.02.03}
}

@ARTICLE{Fitzmaurice1993a,
  author = {Fitzmaurice, G.M. and Laird, N.M. and Rotnitzky, A.G.},
  title = {Regression models for discrete longitudinal responses},
  journal = {Statistical Science},
  year = {1993},
  volume = {8},
  pages = {284--299},
  number = {3},
  owner = {Anestis},
  timestamp = {2009.11.05}
}

@ARTICLE{Fitzmaurice1993,
  author = {G. M. Fitzmaurice and N. M. Laird},
  title = {A Likelihood-based Method for Analysing Longitudinal Binary Responses},
  journal = {Biometrika},
  year = {1993},
  volume = {80},
  pages = {141-151},
  owner = {Anestis},
  timestamp = {2009.02.03}
}

@BOOK{Fr'echet1941,
  title = {Les probabilit{\'e}s associ{\'e}es {\`a} un syst{\`e}me d'{\'e}v{\'e}nements
	compatibles et d{\'e}pendants.},
  publisher = {Hermann \& Cie},
  year = {1940},
  author = {Fr{\'e}chet, M.},
  owner = {Anestis},
  timestamp = {2011.05.21}
}

@ARTICLE{Gange1995a,
  author = {Gange, S.J.},
  title = {Generating Multivariate Categorical Variates Using the Iterative
	Proportional Fitting Algorithm},
  journal = {The American Statistician},
  year = {1995},
  volume = {49},
  pages = {134--138},
  number = {2},
  owner = {Anestis},
  timestamp = {2010.08.03}
}

@ARTICLE{Gange1995,
  author = {Gange, S.J. and Linton, K.L.P. and Scott, A.J. and Demets, D.L. and
	Klein, R.},
  title = {A comparison of methods for correlated ordinal measures with ophthalmic
	applications},
  journal = {Statistics in Medicine},
  year = {1995},
  volume = {14},
  pages = {1961--1974},
  number = {18},
  owner = {Anestis},
  timestamp = {2009.01.29}
}

@ARTICLE{Glonek1995,
  author = {Glonek, G.F.V. and McCullagh, P.},
  title = {Multivariate logistic models},
  journal = {Journal of the Royal Statistical Society B},
  year = {1995},
  volume = {57},
  pages = {533--546},
  owner = {Anestis},
  timestamp = {2013.03.01}
}

@BOOK{Godambe1991,
  title = {Estimating Functions},
  publisher = {Clarendon Press, Oxford.},
  year = {1991},
  author = {Godambe, V.P.},
  owner = {Anestis},
  timestamp = {2013.02.28}
}

@ARTICLE{Godambe1960,
  author = {Godambe, V.P.},
  title = {An optimum property of regular maximum likelihood estimation},
  journal = {The Annals of Mathematical Statistics},
  year = {1960},
  volume = {31},
  pages = {1208--1211},
  number = {4},
  owner = {Anestis},
  timestamp = {2009.10.16}
}

@ARTICLE{Goodman1985,
  author = {Goodman, L.A.},
  title = {The Analysis of Cross-Classified Data Having Ordered and/or Unordered
	Categories: Association Models, Correlation Models, and Asymmetry
	Models for Contingency Tables With or Without Missing Entries},
  journal = {The Annals of Statistics},
  year = {1985},
  volume = {13},
  pages = {10--69},
  owner = {Anestis},
  timestamp = {2009.10.08}
}

@ARTICLE{Goodman1981,
  author = {Goodman, L.A.},
  title = {Association models and the bivariate normal for contingency tables
	with ordered categories},
  journal = {Biometrika},
  year = {1981},
  volume = {68},
  pages = {347--355},
  owner = {Anestis},
  timestamp = {2009.04.02}
}

@ARTICLE{Goodman1981a,
  author = {Goodman, L.A.},
  title = {Association models and canonical correlation in the analysis of cross-classifications
	having ordered categories},
  journal = {Journal of the American Statistical Association},
  year = {1981},
  volume = {76},
  pages = {320-334},
  owner = {Anestis},
  timestamp = {2009.10.08}
}

@ARTICLE{Goodman1979,
  author = {Goodman, L.A.},
  title = {Simple Models for the Analysis of Association in cross-classifications
	having ordered categories},
  journal = {Journal of the American Statistical Association},
  year = {1979},
  volume = {74},
  pages = {537--552},
  number = {367},
  owner = {Anestis},
  timestamp = {2009.02.05}
}

@BOOK{Gumbel1958,
  title = {Statistics of extreme},
  publisher = {Columbia University Press New York},
  year = {1958},
  author = {Gumbel, E.J.},
  edition = {1st Edition},
  owner = {Anestis},
  timestamp = {2011.02.25}
}

@BOOK{Gupta2000,
  title = {Matrix variate distributions},
  publisher = {Chapman \& Hall/CRC},
  year = {2000},
  author = {Gupta, A.K. and Nagar, D.K.},
  owner = {local_admin},
  timestamp = {2011.11.21}
}

@ARTICLE{Haberman1995,
  author = {Haberman, S.J.},
  title = {Computation of Maximum Likelihood Estimates in Association Models},
  journal = {Journal of the American Statistical Association},
  year = {1995},
  volume = {90},
  pages = {1438--1446},
  number = {90},
  owner = {Anestis},
  timestamp = {2009.11.08}
}

@ARTICLE{Hojsgaard2006,
  author = {Halekoh, U. and H{\o}jsgaard, S. and Yan, J.},
  title = {The \proglang{R} Package \pkg{geepack} for Generalized Estimating
	Equations},
  journal = {Journal of Statistical Software},
  year = {2006},
  volume = {15},
  pages = {1--11},
  owner = {local_admin},
  timestamp = {2012.01.05}
}

@BOOK{Hardin2003,
  title = {Generalized {E}stimating {E}quations},
  publisher = {Wiley Online Library},
  year = {2003},
  author = {Hardin, J.W. and Hilbe, J.M.},
  owner = {Anestis},
  timestamp = {2009.08.14}
}

@ARTICLE{Heagerty1996,
  author = {Heagerty, P.J. and Zeger, S.L.},
  title = {Marginal Regression Models for Clustered Ordinal Measurements},
  journal = {Journal of the American Statistical Association},
  year = {1996},
  volume = {91},
  pages = {1024--1036},
  owner = {Anestis},
  timestamp = {2009.01.29}
}

@ARTICLE{Hedeker2003,
  author = {Hedeker, D.},
  title = {A mixed-effects multinomial logistic regression model},
  journal = {Statistics in Medicine},
  year = {2003},
  volume = {22},
  pages = {1433--1446},
  number = {9},
  owner = {Anestis},
  timestamp = {2011.03.18}
}

@ARTICLE{Horton1999,
  author = {Horton, N.J. and Lipsitz, S.R.},
  title = {Review of software to fit generalized estimating equation regression
	models},
  journal = {The American Statistician},
  year = {1999},
  volume = {53},
  pages = {160--169},
  number = {2},
  owner = {Anestis},
  timestamp = {2010.12.28}
}

@ARTICLE{Hough1997,
  author = {Hough, RL and Harmon, S. and Tarke, H. and Yamashiro, S. and Quinlivan,
	R. and Landau-Cox, P. and Hurlburt, MS and Wood, PA and Milone, R.
	and Renker, V.},
  title = {Supported independent housing: implementation issues and solutions
	in the {S}an {D}iego {P}roject},
  journal = {Chronic Mental Illness},
  year = {1997},
  volume = {6},
  pages = {95--118},
  number = {6},
  owner = {Anestis},
  timestamp = {2011.03.18}
}

@ARTICLE{Hurlburt1996,
  author = {Hurlburt, M.S. and Wood, P.A. and Hough, R.L.},
  title = {Providing independent housing for the homeless mentally ill: A novel
	approach to evaluating long-term longitudinal housing patterns},
  journal = {Journal of Community Psychology},
  year = {1996},
  volume = {24},
  pages = {291--310},
  number = {3},
  owner = {Anestis},
  timestamp = {2011.03.18}
}

@ARTICLE{Ireland1968,
  author = {Ireland, C.T. and Kullback, S.},
  title = {Contingency tables with given marginals},
  journal = {Biometrika},
  year = {1968},
  volume = {55},
  pages = {179--188},
  number = {1},
  owner = {Anestis},
  timestamp = {2009.11.08}
}

@ARTICLE{Janssen1988,
  author = {Janssen, P.H.M. and Stoica, P.},
  title = {On the expectation of the product of four matrix-valued Gaussian
	random variables},
  journal = {Automatic Control, IEEE Transactions on},
  year = {1988},
  volume = {33},
  pages = {867--870},
  owner = {Anestis},
  timestamp = {2011.12.01}
}

@ARTICLE{Kenward1994,
  author = {Kenward, MG and Lesaffre, E. and Molenberghs, G.},
  title = {{An application of maximum likelihood and generalized estimating
	equations to the analysis of ordinal data from a longitudinal study
	with cases missing at random}},
  journal = {Biometrics},
  year = {1994},
  volume = {50},
  pages = {945--953},
  owner = {Anestis},
  timestamp = {2010.08.04}
}

@ARTICLE{Kim1995,
  author = {Kim, K.},
  title = {A bivariate cumulative probit regression model for ordered categorical
	data},
  journal = {Statistics in Medicine},
  year = {1995},
  volume = {14},
  pages = {1341--1352},
  number = {12},
  owner = {Anestis},
  timestamp = {2011.02.07}
}

@ARTICLE{Klein1984,
  author = {Klein, R. and Klein, B.E.K. and Moss, S.E. and Davis, M.D. and DeMets,
	D.L.},
  title = {The {W}isconsin epidemiologic study of diabetic retinopathy: {II.}
	Prevalence and risk of diabetic retinopathy when age at diagnosis
	is less than 30 years},
  journal = {Archives of Ophthalmology},
  year = {1984},
  volume = {102},
  pages = {520--526},
  number = {4},
  owner = {Anestis},
  timestamp = {2011.02.07}
}

@ARTICLE{Lancaster1957,
  author = {Lancaster, H.O.},
  title = {Some Properties of the Bivariate Normal Distribution Considered in
	the Form of a Contingency},
  journal = {Biometrika},
  year = {1957},
  volume = {44},
  pages = {289--292},
  number = {1/2},
  owner = {Anestis},
  timestamp = {2011.04.21}
}

@ARTICLE{Lang1994,
  author = {Lang, J.B. and Agresti, A.},
  title = {Simultaneously modeling joint and marginal distributions of multivariate
	categorical responses},
  journal = {Journal of the American Statistical Association},
  year = {1994},
  volume = {89},
  pages = {625--632},
  number = {426},
  owner = {Anestis},
  timestamp = {2011.05.03}
}

@ARTICLE{Ledoit2004,
  author = {Ledoit, O. and Wolf, M.},
  title = {A well-conditioned estimator for large-dimensional covariance matrices},
  journal = {Journal of multivariate analysis},
  year = {2004},
  volume = {88},
  pages = {365--411},
  owner = {Anestis},
  timestamp = {2011.12.01}
}

@ARTICLE{Lee1997,
  author = {Lee, A.J.},
  title = {Some simple methods for generating correlated categorical variates},
  journal = {Computational Statistics \& Data Analysis},
  year = {1997},
  volume = {26},
  pages = {133--148},
  number = {2},
  owner = {Anestis},
  timestamp = {2010.08.03}
}

@ARTICLE{Lee1993,
  author = {Lee, AJ and Scott, AJ and Soo, SC},
  title = {Comparing {L}iang-{Z}eger estimates with maximum Likelihood in Bivariate
	Logistic Regression},
  journal = {Journal of Statistical Computation and Simulation},
  year = {1993},
  volume = {44},
  pages = {133--148},
  number = {3},
  owner = {Anestis},
  timestamp = {2009.02.03}
}

@ARTICLE{Lee2010,
  author = {Lee, K. and Mercante, D.},
  title = {Longitudinal nominal data analysis using marginalized models},
  journal = {Computational Statistics \& Data Analysis},
  year = {2010},
  volume = {54},
  pages = {208--218},
  number = {54},
  owner = {Anestis},
  timestamp = {2011.03.21}
}

@ARTICLE{LiS.T.andHammondJ.L.1975,
  author = {Li, S.T. and Hammond, J.L.},
  title = {Generation of pseudorandom numbers with specified univariate distributions
	and correlation coefficients},
  journal = {{IEEE Transactions on Systems, Man and Cybernetics}},
  year = {1975},
  pages = {557--561},
  number = {5},
  owner = {Anestis},
  timestamp = {2010.08.04}
}

@ARTICLE{Li2008,
  author = {Li, Y. and Schafer, D. W.},
  title = {Likelihood analysis of the multivariate ordinal probit regression
	model for repeated ordinal responses},
  journal = {Computational Statistics \& Data Analysis},
  year = {2008},
  volume = {52},
  pages = {3474--3492},
  owner = {Anestis},
  timestamp = {2013.02.28}
}

@ARTICLE{Liang1986,
  author = {Liang, K.Y. and Zeger, S.L.},
  title = {Longitudinal Data Analysis Using Generalized Linear Models},
  journal = {Biometrika},
  year = {1986},
  volume = {73},
  pages = {13--22},
  owner = {Anestis},
  timestamp = {2009.01.28}
}

@ARTICLE{Liang1992,
  author = {Liang, K.Y. and Zeger, S.L. and Qaqish, B.},
  title = {Multivariate regression analyses for categorical data},
  journal = {Journal of the Royal Statistical Society. Series B (Methodological)},
  year = {1992},
  volume = {54},
  pages = {3--40},
  number = {1},
  owner = {Anestis},
  timestamp = {2009.10.05}
}

@ARTICLE{Liang1995,
  author = {K.Y. Liang and S. L. Zeger},
  title = {Inference Based on Estimating Functions in the presence of Nuisance
	Parameters},
  journal = {Statistical Science},
  year = {1995},
  volume = {10},
  pages = {158--173},
  number = {2},
  owner = {Anestis},
  timestamp = {2009.01.28}
}

@ARTICLE{Lindsey1998,
  author = {Lindsey, JK and Lambert, P.},
  title = {On the Appropiateness of Marginal Models for Repeated Measurements
	in Clinical Trials},
  journal = {Statistics in Medicine},
  year = {1998},
  volume = {17},
  pages = {447--469},
  number = {4},
  owner = {Anestis},
  timestamp = {2009.01.29}
}

@ARTICLE{Lipsitz1996,
  author = {Lipsitz, S.R. and Fitzmaurice, G.M.},
  title = {Estimating equations for measures of association between repeated
	binary responses},
  journal = {Biometrics},
  year = {1996},
  volume = {52},
  pages = {903--912},
  owner = {Anestis},
  timestamp = {2010.11.22}
}

@ARTICLE{Lipsitz1994b,
  author = {Lipsitz, S.R. and Fitzmaurice, G.M. and Orav, E.J. and Laird, N.M.},
  title = {Performance of Generalized Estimating Equations in Practical Situations},
  journal = {Biometrics},
  year = {1994},
  volume = {50},
  pages = {270--278},
  number = {1},
  owner = {Anestis},
  timestamp = {2009.02.04}
}

@ARTICLE{Lipsitz1994,
  author = {Lipsitz, S.R. and Kim, K. and Zhao, L.},
  title = {Analysis of Repeated Categorical Data Using Generalized Estimating
	Equations},
  journal = {Statistics in Medicine},
  year = {1994},
  volume = {13},
  pages = {1149--1163},
  owner = {Anestis},
  timestamp = {2009.01.29}
}

@ARTICLE{Lipsitz1991,
  author = {Lipsitz, S.R. and Laird, N.M. and Harrington, D.P.},
  title = {Generalized estimating equations for correlated binary data: Using
	the odds ratio as a measure of association},
  journal = {Biometrika},
  year = {1991},
  volume = {78},
  pages = {153--160},
  number = {1},
  owner = {Anestis},
  timestamp = {2009.01.29}
}

@ARTICLE{Lipsitz1994a,
  author = {S. R. Lipsitz and K. B. G. Dear and L. Zhao},
  title = {Jacknife Estimators of Variance for Parameter Estimates from Estimating
	Equations with Applications to Clustered Survival Data},
  journal = {Biometrics},
  year = {1994},
  volume = {50},
  pages = {842-846},
  number = {3},
  owner = {Anestis},
  timestamp = {2009.01.29}
}

@ARTICLE{Lumley1996,
  author = {Lumley, T.},
  title = {Generalized Estimating Equations for Ordinal Data: A Note on the
	Working Correlation Structures},
  journal = {Biometrics},
  year = {1996},
  volume = {52},
  pages = {354--361},
  owner = {Anestis},
  timestamp = {2009.02.05}
}

@ARTICLE{Mancl2001,
  author = {Mancl, L.A. and DeRouen, T.A.},
  title = {A Covariance Estimator for GEE with Improved Small-Sample Properties},
  journal = {Biometrics},
  year = {2001},
  volume = {57},
  pages = {126--134},
  number = {1},
  owner = {Anestis},
  timestamp = {2009.11.06}
}

@ARTICLE{Mancl1996,
  author = {Mancl, L.A. and Leroux, B.G.},
  title = {Efficiency of Regression estimated for Clustered Data},
  journal = {Biometrics},
  year = {1996},
  volume = {52},
  pages = {500--511},
  number = {2},
  owner = {Anestis},
  timestamp = {2009.02.03}
}

@ARTICLE{Mardia1970,
  author = {K.V. Mardia},
  title = {Measures of multivariate skewness and kurtosis with applications},
  journal = {Biometrika},
  year = {1970},
  volume = {57},
  pages = {519--530},
  owner = {Anestis},
  timestamp = {2009.04.02}
}

@ARTICLE{Mardia1970a,
  author = {Mardia, KV},
  title = {A translation family of bivariate distributions and Fr{\'e}chet's
	bounds},
  journal = {Sankhy{\=a}: The Indian Journal of Statistics, Series A},
  year = {1970},
  volume = {32},
  pages = {119--122},
  owner = {Anestis},
  timestamp = {2010.11.14}
}

@ARTICLE{Masarotto2012,
  author = {Masarotto, G. and Varin, C.},
  title = {Gaussian copula marginal regression},
  journal = {Electronic Journal of Statistics},
  year = {2012},
  volume = {6},
  pages = {1517--1549},
  owner = {Anestis},
  timestamp = {2013.02.28}
}

@ARTICLE{McCullagh1983a,
  author = {P. McCullagh and J.A. Nedler},
  title = {Quasi-likelihood functions},
  journal = {Annals of Statistics},
  year = {1983},
  volume = {11},
  pages = {59-67},
  owner = {Anestis},
  timestamp = {2009.01.28}
}

@BOOK{McCullagh1983,
  title = {Generalized Linear Models},
  publisher = {Chapman \& Hall/CRC},
  year = {1989},
  author = {McCullagh, P. and Nelder, J.A.},
  owner = {Anestis},
  timestamp = {2009.01.28}
}

@ARTICLE{McFadden1980,
  author = {McFadden, D.},
  title = {Econometric models for probabilistic choice among products},
  journal = {Journal of Business},
  year = {1980},
  volume = {53},
  pages = {13--29},
  number = {3},
  owner = {Anestis},
  timestamp = {2011.02.23}
}

@ARTICLE{McFadden1974,
  author = {McFadden, D.},
  title = {The measurement of urban travel demand},
  journal = {Journal of public economics},
  year = {1974},
  volume = {3},
  pages = {303--328},
  number = {4},
  owner = {Anestis},
  timestamp = {2011.02.23}
}

@ARTICLE{Miller1995,
  author = {Miller, M.E.},
  title = {Analysing Categorical Responses Obtained from Large Clusters},
  journal = {Journal of the Royal Statistical Society. Series C (Applied Statistics)},
  year = {1995},
  volume = {44},
  pages = {173--186},
  number = {2},
  owner = {Anestis},
  timestamp = {2009.01.29}
}

@ARTICLE{Miller1993,
  author = {Miller, M.E. and Davis, C.S. and Landis, J.R.},
  title = {The Analysis of Longitudinal Polytomous Data: Generalized Estimating
	Equations and Connections with Weighted Least Squares},
  journal = {Biometrics},
  year = {1993},
  volume = {49},
  pages = {1033--1044},
  owner = {Anestis},
  timestamp = {2009.01.29}
}

@ARTICLE{Miller1991,
  author = {M. Miller and J. R. Landis},
  title = {Generalized Variance Component Model for Clustered Categorical Response
	Variable},
  journal = {Biometrics},
  year = {1991},
  volume = {47},
  pages = {33-44},
  owner = {Anestis},
  timestamp = {2009.01.29}
}

@ARTICLE{Molenberghs1994,
  author = {Molenberghs, G. and Lesaffre, E.},
  title = {Marginal modeling of correlated ordinal data using a multivariate
	Plackett distribution},
  journal = {Journal of the American Statistical Association},
  year = {1994},
  volume = {89},
  pages = {633--644},
  owner = {Anestis},
  timestamp = {2013.03.01}
}

@BOOK{Molenberghs2005,
  title = {Models for discrete longitudinal data},
  publisher = {Springer Verlag},
  year = {2005},
  author = {Molenberghs, G. and Verbeke, G.},
  owner = {Anestis},
  timestamp = {2009.10.05}
}

@ARTICLE{Mosteller1968,
  author = {Mosteller, F.},
  title = {Association and estimation in contingency tables},
  journal = {Journal of the American Statistical Association},
  year = {1968},
  volume = {63},
  pages = {1--28},
  number = {321},
  owner = {Anestis},
  timestamp = {2009.03.01}
}

@ARTICLE{Nedler1972,
  author = {J. Nelder and R.W.M. Wedderburn},
  title = {Generalized Linear Models},
  journal = {Journal of the Royal Statistical Society. Series A (General)},
  year = {1972},
  volume = {135},
  pages = {370--384},
  number = {3},
  owner = {Anestis},
  timestamp = {2009.02.08}
}

@BOOK{Nelsen2006,
  title = {An introduction to copulas},
  publisher = {Springer Verlag},
  year = {2006},
  author = {Nelsen, R.B.},
  owner = {Anestis},
  timestamp = {2009.11.04}
}

@ARTICLE{NoresM.L.andD'iazM.P.2008,
  author = {{Nores, M.L. and D{\'\i}az, M.P.}},
  title = {{Some properties of regression estimators in GEE models for clustered
	ordinal data}},
  journal = {{Computational Statistics \& Data Analysis}},
  year = {2008},
  volume = {52},
  pages = {3877--3888},
  owner = {Anestis},
  timestamp = {2010.08.04}
}

@ARTICLE{O'HaraHines1997,
  author = {R. J. O'HaraHines},
  title = {Fitting generalized linear models to retrospectively sampled clusters
	with categorical responses},
  journal = {The Canadian Journal of Statistics},
  year = {1997},
  volume = {25},
  pages = {159-174},
  number = {2},
  owner = {Anestis},
  timestamp = {2009.01.29}
}

@ARTICLE{O'HaraHines1997a,
  author = {R. J. O'HaraHines},
  title = {Analysis of Clustered Polytomous Data Using Generalized Estimating
	Equations and Working Covariance Structures},
  journal = {Biometrics},
  year = {1997},
  volume = {53},
  pages = {1552-1556},
  number = {4},
  owner = {Anestis},
  timestamp = {2009.01.29}
}

@ARTICLE{Oliveira1961,
  author = {Oliveira, J.},
  title = {{La representation des distributions extremales bivariees}},
  journal = {Bulletin of the International Statistical Institute},
  year = {1961},
  volume = {33},
  pages = {477--480},
  owner = {Anestis},
  timestamp = {2011.02.25}
}

@ARTICLE{Paik1988,
  author = {Paik, M.C.},
  title = {Repeated measurement analysis for nonnormal data in small samples},
  journal = {Communications in Statistics-Simulation and Computation},
  year = {1988},
  volume = {17},
  pages = {1155--1171},
  number = {4},
  owner = {Anestis},
  timestamp = {2009.11.06}
}

@ARTICLE{Pan2001,
  author = {Pan, W.},
  title = {On the robust variance estimator in generalised estimating equations},
  journal = {Biometrika},
  year = {2001},
  volume = {88},
  pages = {901--906},
  number = {3},
  owner = {Anestis},
  timestamp = {2009.11.06}
}

@ARTICLE{Park1996,
  author = {Park, C.G. and Park, T. and Shin, D.W.},
  title = {A Simple Method for Generating Correlated Binary Variates},
  journal = {The American Statistician},
  year = {1996},
  volume = {50},
  pages = {306--310},
  owner = {Anestis},
  timestamp = {2010.08.09}
}

@MANUAL{Parsons2013,
  title = {\pkg{repolr}: Repeated Measures Proportional Odds Logistic Regression},
  author = {Nick Parsons},
  year = {2013},
  note = {\proglang{R} package version 2.0},
  owner = {Anestis},
  timestamp = {2013.06.21},
  url = {https://CRAN.R-project.org/package=repolr}
}

@ARTICLE{Parsons2009,
  author = {Parsons, N.R. and Costa, M.L. and Achten, J. and Stallard, N.},
  title = {Repeated Measures Proportional Odds Logistic Regression Analysis
	of Ordinal Score Data in the Statistical Software Package \proglang{R}},
  journal = {Computational Statistics \& Data Analysis},
  year = {2009},
  volume = {53},
  pages = {632--641},
  owner = {Anestis},
  timestamp = {2009.01.29}
}

@ARTICLE{Parsons2006,
  author = {Parsons, N.R. and Edmondson, R.N. and Gilmour, S.G.},
  title = {A Generalized Estimating Equation Method for Fitting Autocorrelated
	Ordinal Score Data with an Application in Horticultural Research},
  journal = {Journal of the Royal Statistical Society C},
  year = {2006},
  volume = {55},
  pages = {507--524},
  owner = {Anestis},
  timestamp = {2009.01.29}
}

@ARTICLE{Pepe1994,
  author = {M.S. Pepe and G.L. Anderson},
  title = {A cautionary note on inference for marginal regression models with
	longitudinal data and general correlated response data},
  journal = {Communications in Statistics-Simulation and Computation},
  year = {1994},
  volume = {23},
  pages = {939--951},
  number = {4},
  owner = {Anestis},
  timestamp = {2009.11.05}
}

@ARTICLE{Plackett1965,
  author = {Plackett, R.L.},
  title = {A Class of Bivariate Distributions},
  journal = {Journal of the American Statistical Association},
  year = {1965},
  volume = {60},
  pages = {516--522},
  number = {310},
  owner = {Anestis},
  timestamp = {2009.02.05}
}

@ARTICLE{Prentice1988,
  author = {Prentice, R.L.},
  title = {Correlated Binary Regression with Covariates Specific to each Binary
	Observation},
  journal = {Biometrics},
  year = {1988},
  volume = {44},
  pages = {1033--1048},
  number = {4},
  owner = {Anestis},
  timestamp = {2009.01.29}
}

@ARTICLE{Prentice1991,
  author = {Prentice, R.L. and Zhao, L.P.},
  title = {Estimating Equations for Parameter in Means and Covariances of Multivariate
	Discrete and Continuous Responses},
  journal = {Biometrics},
  year = {1991},
  volume = {47},
  pages = {825--839},
  number = {3},
  owner = {Anestis},
  timestamp = {2009.02.04}
}

@ARTICLE{Qu1995,
  author = {Qu, Y. and Piedmonte, M.R. and Medendorp, S.V.},
  title = {Latent variable models for clustered ordinal data.},
  journal = {Biometrics},
  year = {1995},
  volume = {51},
  pages = {268--275},
  owner = {Anestis},
  timestamp = {2011.09.17}
}

@ARTICLE{Ritov1991,
  author = {Ritov, Y. and Gilula, Z.},
  title = {The order-restricted {RC} model for ordered contingency tables: estimation
	and testing for fit},
  journal = {The Annals of Statistics},
  year = {1991},
  volume = {19},
  pages = {2090--2101},
  owner = {Anestis},
  timestamp = {2011.06.06}
}

@BOOK{Roy1957,
  title = {Some aspects of multivariate analysis.},
  publisher = {New York: John Wiley \& Sons.},
  year = {1957},
  author = {Roy, S. N.},
  owner = {local_admin},
  timestamp = {2011.11.21}
}

@ARTICLE{Rubin1976,
  author = {Rubin, D.B.},
  title = {Inference and Missing Data},
  journal = {Biometrika},
  year = {1976},
  volume = {63},
  pages = {581--592},
  owner = {Anestis},
  timestamp = {2009.11.06}
}

@BOOK{Rudas1998,
  title = {Odds Ratios in the Analysis of Contingency Tables},
  publisher = {Sage},
  year = {1998},
  author = {Rudas, T.},
  owner = {Anestis},
  timestamp = {2009.08.14}
}

@ARTICLE{Sabo2010,
  author = {Sabo, R.T. and Chaganty, N.R.},
  title = {What can go wrong when ignoring correlation bounds in the use of
	generalized estimating equations?},
  journal = {Statistics in Medicine},
  year = {2010},
  volume = {29},
  pages = {2501--2507},
  owner = {Anestis},
  timestamp = {2013.03.01}
}

@ARTICLE{Schafer2005,
  author = {Sch{\"a}fer, J. and Strimmer, K.},
  title = {A shrinkage approach to large-scale covariance matrix estimation
	and implications for functional genomics},
  journal = {Statistical applications in genetics and molecular biology},
  year = {2005},
  volume = {4},
  pages = {32},
  owner = {Anestis},
  timestamp = {2011.12.01}
}

@BOOK{Seber2008,
  title = {{A matrix handbook for statisticians}},
  publisher = {LibreDigital},
  year = {2008},
  author = {Seber, G.A.F.},
  owner = {Anestis},
  timestamp = {2010.12.28}
}

@ARTICLE{M.Sherman1997,
  author = {M. Sherman and S. Le Cassie},
  title = {A comparison between bootstraps methods and generalized estimating
	equations for correlated outcomes in generalized linear models.},
  journal = {Communications in Statistics-Simulation and Communication},
  year = {1997},
  volume = {26},
  pages = {901-925},
  owner = {Anestis},
  timestamp = {2009.02.08}
}

@BOOK{Stokes2001,
  title = {Categorical data analysis: Using the SAS System},
  publisher = {SAS institute},
  year = {2001},
  author = {Stokes, M.E. and Davis, C.S. and Koch, G.G.},
  pages = {75},
  owner = {Anestis},
  timestamp = {2009.03.10}
}

@ARTICLE{Sutradhar2000,
  author = {Sutradhar, B.C. and Kovacevic, M.},
  title = {{Analysing ordinal longitudinal survey data: Generalised estimating
	equations approach}},
  journal = {Biometrika},
  year = {2000},
  volume = {87},
  pages = {837--848},
  owner = {Anestis},
  timestamp = {2011.09.17}
}

@MANUAL{RCoreTeam2013,
  title = {\proglang{R}: A Language and Environment for Statistical Computing},
  author = {\proglang{R} Core Team},
  organization = {\proglang{R} Foundation for Statistical Computing},
  address = {Vienna, Austria},
  year = {2019},
  owner = {Anestis},
  timestamp = {2013.05.31},
  url = {https://www.R-project.org/}
}

@ARTICLE{Touloumis2015,
  author = {Anestis Touloumis},
  title = {\proglang{R} Package \pkg{multgee}: A Generalized Estimating Equations
	Solver for Multinomial Responses},
  journal = {Journal of Statistical Software},
  year = {2015},
  volume = {64},
  pages = {1-14},
  owner = {toulou01},
  timestamp = {2015.01.09}
}

@MANUAL{Touloumis2012a,
  title = {multgee: GEE Solver for Correlated Nominal or Ordinal Multinomial
	
	Responses},
  author = {Touloumis, A.},
  year = {2012},
  note = {{R package version 1.1}},
  owner = {Anestis},
  timestamp = {2013.03.15},
  url = {https://CRAN.R-project.org/package=multgee}
}

@ARTICLE{Touloumis2011,
  author = {Touloumis,A.},
  title = {Measuring the association in two-way contingency tables through odds
	ratios.},
  journal = {Working Paper},
  year = {2011},
  owner = {Anestis},
  timestamp = {2011.03.03}
}

@PHDTHESIS{Touloumis2011a,
  author = {Touloumis, A.},
  title = {Generalized Estimating Equations for Multinomial Responses},
  school = {University of Florida},
  year = {2011},
  owner = {local_admin},
  timestamp = {2012.01.05}
}

@ARTICLE{Touloumis2012,
  author = {Touloumis, A. and Agresti, A. and Kateri, M.},
  title = {Generalized Estimating Equations for Multinomial Responses Using
	a Local Odds Ratio Parameterization},
  journal = {Biometrics},
  year = {2013},
  volume = {69},
  pages = {633--640},
  owner = {Anestis},
  timestamp = {2012.08.16}
}

@INPROCEEDINGS{Touloumis2006,
  author = {Touloumis, A. and Kateri, M.},
  title = {Exact Inference on Proportions using Bootstrap"},
  booktitle = {Proceedings of the 19th Annual Conference of the Greek Statistical
	Institute},
  year = {2006},
  owner = {Anestis},
  timestamp = {2011.03.03}
}

@BOOK{Tsiatis2006,
  title = {Semiparametric theory and missing data},
  publisher = {Springer Verlag},
  year = {2006},
  author = {Tsiatis, A.A.},
  owner = {Anestis},
  timestamp = {2009.10.14}
}

@MANUAL{Turner2012,
  title = {Generalized Nonlinear Models in \proglang{R}: An Overview of the
	\pkg{gnm} Package.},
  author = {H. Turner and D. Firth},
  year = {2012},
  note = {\proglang{R} package version 1.0-7},
  owner = {local_admin},
  timestamp = {2013.03.26},
  url = {https://CRAN.R-project.org/package=gnm}
}

@ARTICLE{Varin2010,
  author = {Varin, C. and Czado, C.},
  title = {A mixed autoregressive probit model for ordinal longitudinal data},
  journal = {Biostatistics},
  year = {2010},
  volume = {11},
  pages = {127--138},
  owner = {Anestis},
  timestamp = {2013.02.28}
}

@ARTICLE{Wang1987,
  author = {Wang, Y.J.},
  title = {The probability integrals of bivariate normal distributions: a contingency
	table approach},
  journal = {Biometrika},
  year = {1987},
  volume = {74},
  pages = {185--190},
  number = {1},
  owner = {Anestis},
  timestamp = {2011.05.03}
}

@ARTICLE{Wang2003,
  author = {Wang, Y.G. and Carey, V.},
  title = {Working correlation structure misspecification, estimation and covariate
	design: Implications for generalised estimating equations performance},
  journal = {Biometrika},
  year = {2003},
  volume = {90},
  pages = {29--41},
  number = {1},
  owner = {Anestis},
  timestamp = {2009.04.02}
}

@ARTICLE{Wedderburn1974,
  author = {Wedderburn, R.W.M.},
  title = {Quasi-likelihood functions, generalized linear models, and the {G}auss-{N}ewton
	method},
  journal = {Biometrika},
  year = {1974},
  volume = {61},
  pages = {439--447},
  number = {3},
  owner = {Anestis},
  timestamp = {2009.01.28}
}

@ARTICLE{Williamson1996,
  author = {Williamson, J. and Kim, K.},
  title = {A global odds ratio regression model for bivariate ordered categorical
	data from ophthalmologic studies},
  journal = {Statistics in Medicine},
  year = {1996},
  volume = {15},
  pages = {1507--1518},
  number = {14},
  owner = {Anestis},
  timestamp = {2011.02.07}
}

@ARTICLE{Williamson1995,
  author = {Williamson, J.M. and Kim, K.M. and Lipsitz, S.R.},
  title = {Analyzing Bivariate Ordinal Data Using a Global Odds Ratio},
  journal = {Journal of the American Statistical Association},
  year = {1995},
  volume = {90},
  pages = {1432--1437},
  owner = {Anestis},
  timestamp = {2009.01.28}
}

@ARTICLE{Williamson1998,
  author = {Williamson, J.M. and Lipsitz, S.R. and Kim, K.M.},
  title = {\code{GEECAT} and \code{GEEGOR}: Computer Programs for the Analysis
	of Correlated Categorical Response Data},
  journal = {Computer Methods and Programs in Biomedicine},
  year = {1998},
  volume = {58},
  pages = {25--34},
  owner = {Anestis},
  timestamp = {2010.12.29}
}

@ARTICLE{Yee2010,
  author = {T.W. Yee},
  title = {The \pkg{VGAM} Package for Categorical Data Analysis},
  journal = {Journal of Statistical Software},
  year = {2010},
  volume = {32},
  pages = {1--34},
  owner = {local_admin},
  timestamp = {2013.03.26},
  url = {http://www.jstatsoft.org/v32/i10/}
}

@ARTICLE{Yu2004,
  author = {Yu, K.F. and Yuan, W.},
  title = {Regression Models for Unbalanced Longitudinal Ordinal Data: Computer
	Software and a Simulation Study},
  journal = {Computer Methods and Programs in Biomedicine},
  year = {2004},
  volume = {75},
  pages = {195--200},
  owner = {Anestis},
  timestamp = {2010.12.29}
}

@ARTICLE{Zeger1986,
  author = {S. L. Zeger and K. Liang},
  title = {Longitudinal Data Analysis for Discrete and Continuous Outcomes},
  journal = {Biometrics},
  year = {1986},
  volume = {42},
  pages = {121-130},
  owner = {Anestis},
  timestamp = {2009.01.28}
}

@ARTICLE{Zeger1992,
  author = {S. L. Zeger and K.-Y. Liang},
  title = {An Overview of Methods for the Analysis of Longitudinal Data},
  journal = {Statistics in Medicine},
  year = {1992},
  volume = {11},
  pages = {1825-1839},
  owner = {Anestis},
  timestamp = {2009.01.29}
}

@ARTICLE{Zieger1988,
  author = {A. Zieger and C. Kastner and M. Blettner},
  title = {The Generalized Estimating Equations: An Annotated Bibliography},
  journal = {Biometrical Journal},
  year = {1988},
  volume = {40},
  pages = {115-139},
  number = {2},
  owner = {Anestis},
  timestamp = {2009.01.29}
}

@ARTICLE{Ziegler1998,
  author = {Ziegler, A. and Gr{\"o}mping, U.},
  title = {{The generalised estimating equations: A comparison of procedures
	available in commercial statistical software packages}},
  journal = {Biometrical Journal},
  year = {1998},
  volume = {40},
  pages = {245--260},
  number = {3},
  owner = {Anestis},
  timestamp = {2010.12.28}
}

@ARTICLE{Zorn2001,
  author = {C. J. W. Zorn},
  title = {Generalized Estimating Equation Models for Correlated Data: A Review
	with Applications},
  journal = {American Journal of Political Science},
  year = {2001},
  volume = {45},
  pages = {470-490},
  number = {2},
  owner = {Anestis},
  timestamp = {2009.01.29}
}

@comment{jabref-meta: selector_publisher:}

@comment{jabref-meta: selector_author:Zeger and Liand;}

@comment{jabref-meta: selector_journal:}

@comment{jabref-meta: selector_keywords:}

